@misc{valid,
	Author = {Joe Bloggs},
	Howpublished = {http://example.com},
	Title = {This is a valid citation}}
